@article{stovsic2012rc4,
  title={RC4 stream cipher and possible attacks on WEP},
  author={Sto{\v{s}}i{\'c}, Lazar and Bogdanovi{\'c}, Milena},
  journal={IJACSA - International Journal of Advanced Computer Science and Applications},
  volume={3},
  number={3},
  year={2012},
  publisher={Citeseer}
},
@article{jindal2017optimization,
  title={Optimization of the security-performance tradeoff in RC4 encryption algorithm},
  author={Jindal, Poonam and Singh, Brahmjit},
  journal={Wireless Personal Communications},
  volume={92},
  pages={1221--1250},
  year={2017},
  publisher={Springer}
},
@book{woungang20192nd,
  title={2nd International Conference on Wireless Intelligent and Distributed Environment for Communication: WIDECOM 2019},
  author={Woungang, Isaac and Dhurandher, Sanjay Kumar},
  volume={27},
  year={2019},
  publisher={Springer}
}